75600000         237098783000106                    04598000000009682000NACIONAL PNEUS LTDA           SICOOB                                  21410202110015700050208500000                                                                     
75600011T01  043 2037098783000106          459800000704598000000009682000NACIONAL PNEUS LTDA                                                                                           000000001410202100000000                                 
7560001300001T 0604598000000009682000000005191103014     10000124003     300920210000000000667007480807602619                     09100006098036225300797 - ODAIR DOS SANTOS DE JESUS       00000000000000000000001600000000004                 
7560001300002U 060000000000006090000000000000000000000000000000000000000000000000000000673090000000000673090000000000000000000000000000001310202114102021    00000000000000000000000                       304540775600000000000000000000       
7560001300003T 0604598000000009682000000005288002014     10000501002     111020210000000000177001040343302979                     09100000489201512100897 - VITOR HENRIQUE DE CARVALHO DOS S00000000000000000000001600000000004                 
7560001300004U 060000000000000230000000000000000000000000000000000000000000000000000000177230000000000177230000000000000000000000000000001310202114102021    00000000000000000000000                       304723275600000000000000000000       
7560001300005T 0604598000000009682000000005346302014     10000557002     111020210000000005250007480840203177                     09100007022949328901121 - MARIA DAS DORES                 00000000000000000000001600000000004                 
7560001300006U 060000000000007350000000000000000000000000000000000000000000000000000005257350000000005257350000000000000000000000000000001310202114102021    00000000000000000000000                       304664475600000000000000000000       
7560001300007T 0604598000000009682000000005439301014     10000536001     300920210000000000207007480807603462                     09100006098036225300797 - ODAIR DOS SANTOS DE JESUS       00000000000000000000001600000000004                 
7560001300008U 060000000000001820000000000000000000000000000000000000000000000000000000208820000000000208820000000000000000000000000000001310202114102021    00000000000000000000000                       304714475600000000000000000000       
7560001300009T 0604598000000009682000000005473401014     10000711001     081020210000000000182507480807603530                     09100007469794310401187 - LEANDRO OLIVEIRA NMOREIRA DOS SA00000000000000000000001600000000004                 
7560001300010U 060000000000000650000000000000000000000000000000000000000000000000000000183150000000000183150000000000000000000000000000001310202114102021    00000000000000000000000                       304637475600000000000000000000       
7560001300011T 1104598000000009682000000005235003014     10000432003     131020210000000000124007560459802770                     09100009466863916800625 - CLAUDIONOR DE CARVALHO FERREIRA 00000000000000000000000000000000000                 
7560001300012U 110000000000000000000000000000000000000000000000000000000000000000000000000000000000000000000000000000000000000000000000001410202100000000    00000000000000000000000                              75600000000000000000000       
7560001300013T 1104598000000009682000000005377102014     10000588002     131020210000000000627007560459803260                     09202981544300011201146 - RAFAEL DA SILVA PERLES 82950040200000000000000000000000000000000000                 
7560001300014U 110000000000000000000000000000000000000000000000000000000000000000000000000000000000000000000000000000000000000000000000001410202100000000    00000000000000000000000                              75600000000000000000000       
7560001300015T 1104598000000009682000000005381102014     10000593002     141020210000000000100007560459803297                     09100000333126815100663 - MARIA DO CARMO LIMA             00000000000000000000000000000000000                 
7560001300016U 110000000000000000000000000000000000000000000000000000000000000000000000000000000000000000000000000000000000000000000000001410202100000000    00000000000000000000000                              75600000000000000000000       
7560001300017T 1104598000000009682000000005508702014     1R001169002     131020210000000000635037560459803578                     09100005251830297200794 - JOAO LUIZ DA ROSA               00000000000000000000000000000000000                 
7560001300018U 110000000000000000000000000000000000000000000000000000000000000000000000000000000000000000000000000000000000000000000000001410202100000000    00000000000000000000000                              75600000000000000000000       
75600015         00002000000900000000000796953000000000000000000000000000000000000000000000000000000000000000000000                                                                                                                             
75699999         000001000022000000                                                                                                                                                                                                             
