75600000         237098783000106                    04598000000009682000NACIONAL PNEUS LTDA           SICOOB                                  21310202109405300050008500000                                                                     
75600011T01  043 2037098783000106          459800000704598000000009682000NACIONAL PNEUS LTDA                                                                                           000000001310202100000000                                 
7560001300001T 0204598000000009682000000005616801014     10000883001     081120210000000000367007560459803819                     09100005023177416800976 - JOAQUIM MARCAL DE ALMEIDA       000000000000000000000000000000000A4                 
7560001300002U 020000000000000000000000000000000000000000000000000000000000000000000000000000000000000000000000000000000000000000000000001110202100000000    00000000000000000000000                              75600000000000000000000       
7560001300003T 0204598000000009682000000005617502014     10000883002     081220210000000000367007560459803820                     09100005023177416800976 - JOAQUIM MARCAL DE ALMEIDA       000000000000000000000000000000000A4                 
7560001300004U 020000000000000000000000000000000000000000000000000000000000000000000000000000000000000000000000000000000000000000000000001110202100000000    00000000000000000000000                              75600000000000000000000       
7560001300005T 0204598000000009682000000005618203014     10000883003     100120220000000000367007560459803821                     09100005023177416800976 - JOAQUIM MARCAL DE ALMEIDA       000000000000000000000000000000000A4                 
7560001300006U 020000000000000000000000000000000000000000000000000000000000000000000000000000000000000000000000000000000000000000000000001110202100000000    00000000000000000000000                              75600000000000000000000       
7560001300007T 0204598000000009682000000005619004014     10000883004     080220220000000000366007560459803822                     09100005023177416800976 - JOAQUIM MARCAL DE ALMEIDA       000000000000000000000000000000000A4                 
7560001300008U 020000000000000000000000000000000000000000000000000000000000000000000000000000000000000000000000000000000000000000000000001110202100000000    00000000000000000000000                              75600000000000000000000       
7560001300009T 0204598000000009682000000005620805014     10000883005     080320220000000000366007560459803823                     09100005023177416800976 - JOAQUIM MARCAL DE ALMEIDA       000000000000000000000000000000000A4                 
7560001300010U 020000000000000000000000000000000000000000000000000000000000000000000000000000000000000000000000000000000000000000000000001110202100000000    00000000000000000000000                              75600000000000000000000       
7560001300011T 0204598000000009682000000005621506014     10000883006     080420220000000000367007560459803824                     09100005023177416800976 - JOAQUIM MARCAL DE ALMEIDA       000000000000000000000000000000000A4                 
7560001300012U 020000000000000000000000000000000000000000000000000000000000000000000000000000000000000000000000000000000000000000000000001110202100000000    00000000000000000000000                              75600000000000000000000       
7560001300013T 0204598000000009682000000005622201014     10000882001     081120210000000001303007560459803836                     09100000004349261401259 - JOSE CARLOS DE ALVARENGA        000000000000000000000000000000000A4                 
7560001300014U 020000000000000000000000000000000000000000000000000000000000000000000000000000000000000000000000000000000000000000000000001110202100000000    00000000000000000000000                              75600000000000000000000       
7560001300015T 0204598000000009682000000005623002014     10000882002     081220210000000001303007560459803837                     09100000004349261401259 - JOSE CARLOS DE ALVARENGA        000000000000000000000000000000000A4                 
7560001300016U 020000000000000000000000000000000000000000000000000000000000000000000000000000000000000000000000000000000000000000000000001110202100000000    00000000000000000000000                              75600000000000000000000       
7560001300017T 0204598000000009682000000005624701014     10000887001     081120210000000000638007560459803838                     09200173140300017301261 - MILTON KUREK                    000000000000000000000000000000000A4                 
7560001300018U 020000000000000000000000000000000000000000000000000000000000000000000000000000000000000000000000000000000000000000000000001110202100000000    00000000000000000000000                              75600000000000000000000       
7560001300019T 0204598000000009682000000005625401014     10000892001     101120210000000000145007560459803841                     09100008214940214901074 - RONALDO RIBEIRO RODRIGUES       000000000000000000000000000000000A4                 
7560001300020U 020000000000000000000000000000000000000000000000000000000000000000000000000000000000000000000000000000000000000000000000001110202100000000    00000000000000000000000                              75600000000000000000000       
7560001300021T 0204598000000009682000000005626102014     10000892002     101220210000000000145007560459803842                     09100008214940214901074 - RONALDO RIBEIRO RODRIGUES       000000000000000000000000000000000A4                 
7560001300022U 020000000000000000000000000000000000000000000000000000000000000000000000000000000000000000000000000000000000000000000000001110202100000000    00000000000000000000000                              75600000000000000000000       
7560001300023T 0204598000000009682000000005628601014     10000898001     111120210000000000598007560459803845                     09100000513129910101264 - DENILSON DANIEL DE SOUZA        000000000000000000000000000000000A4                 
7560001300024U 020000000000000000000000000000000000000000000000000000000000000000000000000000000000000000000000000000000000000000000000001110202100000000    00000000000000000000000                              75600000000000000000000       
7560001300025T 0604598000000009682000000001618601014     100000334.01    09102021000000000246665748080760                         09100004292641617200832 - MARIA SOLANGE GOMES             00000000000000000000001600000000004                 
7560001300026U 060000000000000000000000000000000000000000000000000000000000000000000002466650000000002466650000000000000000000000000000001110202113102021    00000000000000000000000                       304027475600000000000000000000       
7560001300027T 0604598000000009682000000005144503014     10000269003     111020210000000000231001040343302423                     09100000045510911700862 - JANETE TEREZINHA CALEGARO FOGACI00000000000000000000001600000000004                 
7560001300028U 060000000000000000000000000000000000000000000000000000000000000000000000231000000000000231000000000000000000000000000000001110202113102021    00000000000000000000000                       304216175600000000000000000000       
7560001300029T 0604598000000009682000000005244703014     10000459003     111020210000000000344007480814302830                     09200777497400017101071 - A R DE SOUZA & SOUZA LTDA       00000000000000000000001600000000004                 
7560001300030U 060000000000000000000000000000000000000000000000000000000000000000000000344000000000000344000000000000000000000000000000001110202113102021    00000000000000000000000                       303470075600000000000000000000       
7560001300031T 0604598000000009682000000005317002014     10000533002     111020210000000000368002370128803103                     09203551998700013000626 - CATIANA DE SOUSA SANTOS 0403227700000000000000000000001600000000004                 
7560001300032U 060000000000000000000000000000000000000000000000000000000000000000000000368000000000000368000000000000000000000000000000001110202113102021    00000000000000000000000                       304346075600000000000000000000       
7560001300033T 0604598000000009682000000005348802014     10000525002     111020210000000000260006330000103179                     09100000303442611900311 - RAFAEL DUARTE BASSETTO          00000000000000000000001600000000004                 
7560001300034U 060000000000000000000000000000000000000000000000000000000000000000000000260000000000000260000000000000000000000000000000001110202113102021    00000000000000000000000                       303484575600000000000000000000       
7560001300035T 0604598000000009682000000005354202014     10000468002     111020210000000000120007480814303197                     09100000624544311301106 - THALYSON MASETHKO RABELO MOREIRA00000000000000000000001600000000004                 
7560001300036U 060000000000000000000000000000000000000000000000000000000000000000000000120000000000000120000000000000000000000000000000001110202113102021    00000000000000000000000                       303481475600000000000000000000       
7560001300037T 0604598000000009682000000005366002014     10000567002     111020210000000000379007480814303218                     09100000283064617701141 - THIALES HENRIQUE DE ASSIS       00000000000000000000001600000000004                 
7560001300038U 060000000000000000000000000000000000000000000000000000000000000000000000379000000000000379000000000000000000000000000000001110202113102021    00000000000000000000000                       304250575600000000000000000000       
7560001300039T 0604598000000009682000000005371802014     10000532002     131020210000000000370007480807603253                     09100000565364715201070 - BRUNA FERNANDES SILVA DA CRUZ   00000000000000000000001600000000004                 
7560001300040U 060000000000000000000000000000000000000000000000000000000000000000000000370000000000000370000000000000000000000000000000001110202113102021    00000000000000000000000                       303945175600000000000000000000       
7560001300041T 0604598000000009682000000005485201014     1R001157001     111020210000000000886500010158903540                     09100008850258917200668 - FRANCISCO IDEANE GUIMARAES DE SO00000000000000000000001600000000004                 
7560001300042U 060000000000000000000000000000000000000000000000000000000000000000000000886500000000000886500000000000000000000000000000001110202113102021    00000000000000000000000                       304020875600000000000000000000       
7560001300043T 1104598000000009682000000005092705014     10000089005     111020210000000000330007560459802146                     09100000570611113800791 - JHONATA RODRIGO CARDOSO DA COSTA00000000000000000000000000000000000                 
7560001300044U 110000000000000000000000000000000000000000000000000000000000000000000000000000000000000000000000000000000000000000000000001310202100000000    00000000000000000000000                              75600000000000000000000       
7560001300045T 1104598000000009682000000005225703014     10000413003     111020210000000000450007560459802736                     09100006315254110400641 - FERNANDO MAURO BATISTA DA SILVA 00000000000000000000000000000000000                 
7560001300046U 110000000000000000000000000000000000000000000000000000000000000000000000000000000000000000000000000000000000000000000000001310202100000000    00000000000000000000000                              75600000000000000000000       
7560001300047T 1104598000000009682000000005235003014     10000432003     131020210000000000124007560459802770                     09100009466863916800625 - CLAUDIONOR DE CARVALHO FERREIRA 00000000000000000000000000000000000                 
7560001300048U 110000000000000000000000000000000000000000000000000000000000000000000000000000000000000000000000000000000000000000000000001310202100000000    00000000000000000000000                              75600000000000000000000       
7560001300049T 1104598000000009682000000005239003014     10000394003     111020210000000001030007560459802815                     09100005023177416800976 - JOAQUIM MARCAL DE ALMEIDA       00000000000000000000000000000000000                 
7560001300050U 110000000000000000000000000000000000000000000000000000000000000000000000000000000000000000000000000000000000000000000000001310202100000000    00000000000000000000000                              75600000000000000000000       
7560001300051T 1104598000000009682000000005288002014     10000501002     111020210000000000177007560459802979                     09100000489201512100897 - VITOR HENRIQUE DE CARVALHO DOS S00000000000000000000000000000000000                 
7560001300052U 110000000000000000000000000000000000000000000000000000000000000000000000000000000000000000000000000000000000000000000000001310202100000000    00000000000000000000000                              75600000000000000000000       
7560001300053T 1104598000000009682000000005346302014     10000557002     111020210000000005250007560459803177                     09100007022949328901121 - MARIA DAS DORES                 00000000000000000000000000000000000                 
7560001300054U 110000000000000000000000000000000000000000000000000000000000000000000000000000000000000000000000000000000000000000000000001310202100000000    00000000000000000000000                              75600000000000000000000       
7560001300055T 1104598000000009682000000005360702014     10000561002     111020210000000000245007560459803208                     09100006145997699101139 - SERGIO REIS                     00000000000000000000000000000000000                 
7560001300056U 110000000000000000000000000000000000000000000000000000000000000000000000000000000000000000000000000000000000000000000000001310202100000000    00000000000000000000000                              75600000000000000000000       
7560001300057T 1104598000000009682000000005377102014     10000588002     131020210000000000627007560459803260                     09202981544300011201146 - RAFAEL DA SILVA PERLES 82950040200000000000000000000000000000000000                 
7560001300058U 110000000000000000000000000000000000000000000000000000000000000000000000000000000000000000000000000000000000000000000000001310202100000000    00000000000000000000000                              75600000000000000000000       
7560001300059T 1104598000000009682000000005478001014     1R001154001     111020210000000000350007560459803533                     09100003027918583901170 - DIOGO TRINDADE FILGUEIRA KAWAMOT00000000000000000000000000000000000                 
7560001300060U 110000000000000000000000000000000000000000000000000000000000000000000000000000000000000000000000000000000000000000000000001310202100000000    00000000000000000000000                              75600000000000000000000       
7560001300061T 1104598000000009682000000005493101014     10000713001     111020210000000000075007560459803548                     09100000565364715201070 - BRUNA FERNANDES SILVA DA CRUZ   00000000000000000000000000000000000                 
7560001300062U 110000000000000000000000000000000000000000000000000000000000000000000000000000000000000000000000000000000000000000000000001310202100000000    00000000000000000000000                              75600000000000000000000       
7560001300063T 1104598000000009682000000005494901014     10000714001     111020210000000000150007560459803549                     09100000555635716101078 - DIEGO GODINHO DE OLIVEIRO FILHO 00000000000000000000000000000000000                 
7560001300064U 110000000000000000000000000000000000000000000000000000000000000000000000000000000000000000000000000000000000000000000000001310202100000000    00000000000000000000000                              75600000000000000000000       
7560001300065T 1104598000000009682000000005501601014     10000723001     111020210000000000434007560459803563                     09100000218673418401195 - DAIANE APARECIDA BACHES         00000000000000000000000000000000000                 
7560001300066U 110000000000000000000000000000000000000000000000000000000000000000000000000000000000000000000000000000000000000000000000001310202100000000    00000000000000000000000                              75600000000000000000000       
7560001300067T 1104598000000009682000000005508702014     1R001169002     131020210000000000635037560459803578                     09100005251830297200794 - JOAO LUIZ DA ROSA               00000000000000000000000000000000000                 
7560001300068U 110000000000000000000000000000000000000000000000000000000000000000000000000000000000000000000000000000000000000000000000001310202100000000    00000000000000000000000                              75600000000000000000000       
75600015         00007000003400000000002163418000000000000000000000000000000000000000000000000000000000000000000000                                                                                                                             
75699999         000001000072000000                                                                                                                                                                                                             
